IEEEexample.bib 
V1.13 (2008/09/30)
Copyright (c) 2002-2008 by Michael Shell
See: http://www.michaelshell.org/
for current contact information.

This is an example BibTeX database for the official IEEEtran.bst
BibTeX style file.

Some entries call strings that are defined in the IEEEabrv.bib file.
Therefore, IEEEabrv.bib should be loaded prior to this file.
Usage:

\bibliographystyle{./IEEEtran}
\bibliography{./IEEEabrv,./IEEEexample}




@online{faa-nprm,
  title = {Operation and Certification of Small Unmanned Aircraft Systems},
  url = {https://www.faa.gov/regulations_policies/rulemaking/recently_published/media/2120-AJ60_NPRM_2-15-2015_joint_signature.pdf},
  urldate = {2015-02-15}
}

@online{ads-b-one,
  title = {{ADS-B ONE}},
  url = {http://www.nextgenuastransponders.com/ads-b-one/},

}

@online{sagetech,
  title = {Sagetech},
  url = {http://www.sagetechcorp.com/},

}

@online{gps_accuracy,
	title = {GPS Accuracy},
	url = {http://www.gps.gov/systems/gps/performance/accuracy/},
	
}




@article{lee2009feedback,
  title={Feedback linearization vs. adaptive sliding mode control for a quadrotor helicopter},
  author={Lee, Daewon and Kim, H Jin and Sastry, Shankar},
  journal={International Journal of control, Automation and systems},
  volume={7},
  number={3},
  pages={419--428},
  year={2009},
  publisher={Springer}
}





@inproceedings{bouabdallah2004pid,
  title={{PID} vs {LQ} control techniques applied to an indoor micro quadrotor},
  author={Bouabdallah, Samir and Noth, Andre and Siegwart, Roland},
  booktitle={Intelligent Robots and Systems, 2004.(IROS 2004). Proceedings. 2004 IEEE/RSJ International Conference on},
  volume={3},
  pages={2451--2456},
  year={2004},
  organization={IEEE}
}

@inproceedings{li2011dynamic,
  title={Dynamic analysis and PID control for a quadrotor},
  author={Li, Jun and Li, Yuntang},
  booktitle={Mechatronics and Automation (ICMA), 2011 International Conference on},
  pages={573--578},
  year={2011},
  organization={IEEE}
}






@inproceedings{bouabdallah2005backstepping,
  title={Backstepping and sliding-mode techniques applied to an indoor micro quadrotor},
  author={Bouabdallah, Samir and Siegwart, Roland},
  booktitle={Robotics and Automation, 2005. ICRA 2005. Proceedings of the 2005 IEEE International Conference on},
  pages={2247--2252},
  year={2005},
  organization={IEEE}
}

@inproceedings{bouchoucha2008step,
  title={Step by step robust nonlinear PI for attitude stabilisation of a four-rotor mini-aircraft},
  author={Bouchoucha, M and Tadjine, M and Tayebi, A and Mullhaupt, P},
  booktitle={Control and Automation, 2008 16th Mediterranean Conference on},
  pages={1276--1283},
  year={2008},
  organization={IEEE}
}

@inproceedings{bouadi2011adaptive,
  title={Adaptive sliding mode control for quadrotor attitude stabilization and altitude tracking},
  author={Bouadi, Hakim and Simoes Cunha, S and Drouin, Antoine and Mora-Camino, F{\'e}lix},
  booktitle={Computational Intelligence and Informatics (CINTI), 2011 IEEE 12th International Symposium on},
  pages={449--455},
  year={2011},
  organization={IEEE}
}





@inproceedings{madani2006backstepping,
  title={Backstepping sliding mode control applied to a miniature quadrotor flying robot},
  author={Madani, Tarek and Benallegue, Abdelaziz},
  booktitle={IEEE Industrial Electronics, IECON 2006-32nd Annual Conference on},
  pages={700--705},
  year={2006},
  organization={IEEE}
}

@article{bouadi2007sliding,
  title={Sliding mode control based on backstepping approach for an UAV type-quadrotor},
  author={Bouadi, H and Bouchoucha, M and Tadjine, M},
  journal={World Academy of Science, Engineering and Technology},
  volume={26},
  pages={22--27},
  year={2007}
}

@inproceedings{huang2010adaptive,
  title={Adaptive tracking control of underactuated quadrotor unmanned aerial vehicles via backstepping},
  author={Huang, Mu and Xian, Bin and Diao, Chen and Yang, Kaiyan and Feng, Yu},
  booktitle={American Control Conference (ACC), 2010},
  pages={2076--2081},
  year={2010},
  organization={IEEE}
}






@book{slotine1991applied,
  title={Applied nonlinear control},
  author={Slotine, Jean-Jacques E and Li, Weiping and others},
  volume={60},
  year={1991},
  publisher={Prentice-Hall Englewood Cliffs, NJ}
}

@book{song2011dynamic,
  title={Dynamic surface control of uncertain nonlinear systems: an LMI approach},
  author={Song, Bongsob and Hedrick, J Karl},
  year={2011},
  publisher={Springer Science \& Business Media}
}





@inproceedings{park2008uav,
  title={Uav collision avoidance based on geometric approach},
  author={Park, Jung-Woo and Oh, Hyon-Dong and Tahk, Min-Jea},
  booktitle={SICE Annual Conference, 2008},
  pages={2122--2126},
  year={2008},
  organization={IEEE}
}

@inproceedings{krozel1996free,
  title={Free flight conflict detection and resolution analysis},
  author={Krozel, Jimmy and Mueller, Tysen and Hunter, George},
  booktitle={AIAA Guidance, Navigation, and Control Conf., Paper},
  pages={96--3763},
  year={1996}
}

@inproceedings{hoffmann2008decentralized,
  title={Decentralized cooperative collision avoidance for acceleration constrained vehicles},
  author={Hoffmann, Gabriel M and Tomlin, Claire J},
  booktitle={Decision and Control, 2008. CDC 2008. 47th IEEE Conference on},
  pages={4357--4363},
  year={2008},
  organization={IEEE}
}

@article{menon1999optimal,
  title={Optimal strategies for free-flight air traffic conflict resolution},
  author={Menon, PK and Sweriduk, GD and Sridhar, B},
  journal={Journal of Guidance, Control, and Dynamics},
  volume={22},
  number={2},
  pages={202--211},
  year={1999}
}

@inproceedings{kim2007uav,
  title={UAV collision avoidance using probabilistic method in 3-D},
  author={Kim, Kwang-Yeon and Park, Jung-Woo and Tahk, Min-Jea},
  booktitle={Control, Automation and Systems, 2007. ICCAS'07. International Conference on},
  pages={826--829},
  year={2007},
  organization={IEEE}
}






@inproceedings{schouwenaars2001mixed,
  title={Mixed integer programming for multi-vehicle path planning},
  author={Schouwenaars, Tom and De Moor, Bart and Feron, Eric and How, Jonathan},
  booktitle={European control conference},
  volume={1},
  pages={2603--2608},
  year={2001}
}

@inproceedings{mellinger2012mixed,
  title={Mixed-integer quadratic program trajectory generation for heterogeneous quadrotor teams},
  author={Mellinger, Daniel and Kushleyev, Alex and Kumar, Vijay},
  booktitle={Robotics and Automation (ICRA), 2012 IEEE International Conference on},
  pages={477--483},
  year={2012},
  organization={IEEE}
}

@article{chen2015safe,
  title={Safe Platooning of Unmanned Aerial Vehicles via Reachability},
  author={Chen, Mo and Hu, Qie and Mackin, Casey and Fisac, Jaime F and Tomlin, Claire J},
  journal={arXiv preprint arXiv:1503.07253},
  year={2015}
}



@article{mitchell2004toolbox,
  title={A toolbox of level set methods},
  author={Mitchell, Ian M},
  journal={Dept. Comput. Sci., Univ. British Columbia, Vancouver, BC, Canada, http://www. cs. ubc. ca/\~{} mitchell/ToolboxLS/toolboxLS. pdf, Tech. Rep. TR-2004-09},
  year={2004}
}

@misc{chu2008level,
  title={Level set method library (LSMLIB)},
  author={Chu, Kevin T and Prodanovic, Masa},
  year={2008}
}












@online{faa_exemption_333,
	title = {{FAA} Section 333},
	url = {https://www.faa.gov/uas/legislative_programs/section_333/},
}

@online{hokoyo_lidar,
	title = {{Hokuyo UTM-30LX}},
	url = {http://www.autonomoustuff.com/hokuyo-utm-30lx.html},
}

@online{art_sys_360,
	title = {{ART SYS 360}},
	url = {http://www.artsys360.com/},
}

@online{helicopter_max_speed,
	title = {{Helicopter Maximum Forward Speed}},
	url = {http://www.aerospaceweb.org/design/helicopter/velocity.shtml},
}

@online{helicopter_common_speed,
	title = {{11 of the Most Expensive Private Helicopters Money Can Buy}},
	url = {http://www.refinedguy.com/2012/08/02/11-of-the-most-expensive-private-helicopters-money-can-buy/},
}

@online{quadrotor_common_speed,
	title = {{101kmph Quadcopter OFM Seeker 450 V2 Special Edition}},
	url = {https://www.youtube.com/watch?v=CjgMhO_qZT0},
}

@online{helicopter_accident,
	title = {{What Causes Helicopter Accidents?}},
	url = {http://www.helicopterlawyers.com/causes_helicopter_accidents.html},
}

@online{quad_design,
	title = {{How to Choose Motor and Propeller for Quadcopter and Multicopter}},
	url = {http://blog.oscarliang.net/how-to-choose-motor-and-propeller-for-quadcopter/},
}

@online{3dr_solo,
	title = {{3DR Solo Smart Drone}},
	url = {http://3drobotics.com/solo-drone/},
}

@misc{beer1972statics,
	title={Statics and Dynamics},
	author={Beer, Ferdinand P and Johnston, ER},
	year={1972},
	publisher={McGraw-Hill, New York}
}

@book{munson1990fundamentals,
	title={Fundamentals of fluid mechanics},
	author={Munson, Bruce Roy and Young, Donald F and Okiishi, Theodore Hisao},
	year={1990},
	publisher={New York}
}

@inproceedings{bouadi2011adaptive,
	title={Adaptive sliding mode control for quadrotor attitude stabilization and altitude tracking},
	author={Bouadi, Hakim and Cunha, S Simoes and Drouin, Antoine and Mora-Camino, F{\'e}lix},
	booktitle={Computational Intelligence and Informatics (CINTI), 2011 IEEE 12th International Symposium on},
	pages={449--455},
	year={2011},
	organization={IEEE}
}

@book{helfrick2010principles,
	title={Principles of avionics},
	author={Helfrick, Albert},
	year={2010},
	publisher={Avionics Communications}
}

@article{bouadi2007sliding,
	title={Sliding mode control based on backstepping approach for an UAV type-quadrotor},
	author={Bouadi, H and Bouchoucha, M and Tadjine, M},
	journal={World Academy of Science, Engineering and Technology},
	volume={26},
	number={5},
	pages={22--27},
	year={2007}
}









@article{schaffers2012smart,
	title={Smart cities as innovation ecosystems sustained by the future internet},
	author={Schaffers, Hans and Komninos, Nicos and Pallot, Marc and Aguas, Miguel and Almirall, Esteve and Bakici, Tuba and Barroca, Jean and Carter, Dave and Corriou, Michel and Fernadez, Joana and others},
	year={2012}
}

@online{nasa_utm_2015,
	title = {{NASA UTM} 2015: The Next Era of Aviation},
}

@online{amazon_whitepaper_safe_access,
	title = {{Determining Safe Access with a Best Equipped, Best-Served Model for Small Unmanned Aircraft Systems}},
	url = {http://utm.arc.nasa.gov/docs/Amazon_Determining%20Safe%20Access%20with%20a%20Best-Equipped,%20Best-Served%20Model%20for%20sUAS[2].pdf},
	urldate = {2015-09-15}
}

@online{amazon_whitepaper_airspace,
	title = {{Revising the Airspace Model for the Safe Integration of Small Unmanned Aircraft Systems}},
	url = {http://utm.arc.nasa.gov/docs/Amazon_Revising%20the%20Airspace%20Model%20for%20the%20Safe%20Integration%20of%20sUAS[6].pdf},
	urldate = {2015-09-15}
}

@online{google_airspace_system,
	title = {Google UAS Airspace System Overview},
	url = {http://utm.arc.nasa.gov/docs/GoogleUASAirspaceSystemOverview5pager[1].pdf},
	urldate = {2015-09-15}
}

@online{helicopter_stats,
	title = {{Key Helicopter Satistics}},
	url = {http://helicopterannual.org/portals/27/pdf/ann_p2c5.pdf},
	urldate = {2015-09-15}
}


@online{faa-nprm,
	title = {Small UAS Notice of Proposed Rulemaking ({NPRM})},
	url = {https://www.faa.gov/uas/nprm/},
	urldate = {2015-09-01}
}

@online{ads-b-one,
	title = {{ADS-B ONE}},
	url = {http://www.nextgenuastransponders.com/ads-b-one/},
}

@online{sagetech,
	title = {Sagetech},
	url = {http://www.sagetechcorp.com/},
}

@online{helicopter1,
	title = {{X3 Helicopter Sets Speed Record At Nearly 300 MPH}},
	url={http://www.wired.com/2013/06/eurocopter-x3-speed-record/},
}



@online{dragcoeff,
	title = {{AeroQuad Forum}},
	url = {http://aeroquad.com/showthread.php?2714-Mathematical-modell-drag-coefficient},
}

@article{lee2009feedback,
	title={Feedback linearization vs. adaptive sliding mode control for a quadrotor helicopter},
	author={Lee, Daewon and Kim, H Jin and Sastry, Shankar},
	journal={International Journal of control, Automation and systems},
	volume={7},
	number={3},
	pages={419--428},
	year={2009},
	publisher={Springer}
}





@inproceedings{bouabdallah2004pid,
	title={{PID} vs {LQ} control techniques applied to an indoor micro quadrotor},
	author={Bouabdallah, Samir and Noth, Andre and Siegwart, Roland},
	booktitle={Intelligent Robots and Systems, 2004.(IROS 2004). Proceedings. 2004 IEEE/RSJ International Conference on},
	volume={3},
	pages={2451--2456},
	year={2004},
	organization={IEEE}
}

@inproceedings{li2011dynamic,
	title={Dynamic analysis and PID control for a quadrotor},
	author={Li, Jun and Li, Yuntang},
	booktitle={Mechatronics and Automation (ICMA), 2011 International Conference on},
	pages={573--578},
	year={2011},
	organization={IEEE}
}






@inproceedings{bouabdallah2005backstepping,
	title={Backstepping and sliding-mode techniques applied to an indoor micro quadrotor},
	author={Bouabdallah, Samir and Siegwart, Roland},
	booktitle={Robotics and Automation, 2005. ICRA 2005. Proceedings of the 2005 IEEE International Conference on},
	pages={2247--2252},
	year={2005},
	organization={IEEE}
}

@inproceedings{bouchoucha2008step,
	title={Step by step robust nonlinear PI for attitude stabilisation of a four-rotor mini-aircraft},
	author={Bouchoucha, M and Tadjine, M and Tayebi, A and Mullhaupt, P},
	booktitle={Control and Automation, 2008 16th Mediterranean Conference on},
	pages={1276--1283},
	year={2008},
	organization={IEEE}
}

@inproceedings{bouadi2011adaptive,
	title={Adaptive sliding mode control for quadrotor attitude stabilization and altitude tracking},
	author={Bouadi, Hakim and Simoes Cunha, S and Drouin, Antoine and Mora-Camino, F{\'e}lix},
	booktitle={Computational Intelligence and Informatics (CINTI), 2011 IEEE 12th International Symposium on},
	pages={449--455},
	year={2011},
	organization={IEEE}
}





@inproceedings{madani2006backstepping,
	title={Backstepping sliding mode control applied to a miniature quadrotor flying robot},
	author={Madani, Tarek and Benallegue, Abdelaziz},
	booktitle={IEEE Industrial Electronics, IECON 2006-32nd Annual Conference on},
	pages={700--705},
	year={2006},
	organization={IEEE}
}

@inproceedings{huang2010adaptive,
	title={Adaptive tracking control of underactuated quadrotor unmanned aerial vehicles via backstepping},
	author={Huang, Mu and Xian, Bin and Diao, Chen and Yang, Kaiyan and Feng, Yu},
	booktitle={American Control Conference (ACC), 2010},
	pages={2076--2081},
	year={2010},
	organization={IEEE}
}






@book{slotine1991applied,
	title={Applied nonlinear control},
	author={Slotine, Jean-Jacques E and Li, Weiping and others},
	volume={60},
	year={1991},
	publisher={Prentice-Hall Englewood Cliffs, NJ}
}

@book{song2011dynamic,
	title={Dynamic surface control of uncertain nonlinear systems: an LMI approach},
	author={Song, Bongsob and Hedrick, J Karl},
	year={2011},
	publisher={Springer Science \& Business Media}
}





@inproceedings{park2008uav,
	title={Uav collision avoidance based on geometric approach},
	author={Park, Jung-Woo and Oh, Hyon-Dong and Tahk, Min-Jea},
	booktitle={SICE Annual Conference, 2008},
	pages={2122--2126},
	year={2008},
	organization={IEEE}
}

@inproceedings{krozel1996free,
	title={Free flight conflict detection and resolution analysis},
	author={Krozel, Jimmy and Mueller, Tysen and Hunter, George},
	booktitle={AIAA Guidance, Navigation, and Control Conf., Paper},
	pages={96--3763},
	year={1996}
}

@article{lygeros1999controllers,
	title={Controllers for reachability specifications for hybrid systems},
	author={Lygeros, John and Tomlin, Claire and Sastry, Shankar},
	journal={Automatica},
	volume={35},
	number={3},
	pages={349--370},
	year={1999},
	publisher={Elsevier}
}

@inproceedings{hoffmann2008decentralized,
	title={Decentralized cooperative collision avoidance for acceleration constrained vehicles},
	author={Hoffmann, Gabriel M and Tomlin, Claire J},
	booktitle={Decision and Control, 2008. CDC 2008. 47th IEEE Conference on},
	pages={4357--4363},
	year={2008},
	organization={IEEE}
}

@article{menon1999optimal,
	title={Optimal strategies for free-flight air traffic conflict resolution},
	author={Menon, PK and Sweriduk, GD and Sridhar, B},
	journal={Journal of Guidance, Control, and Dynamics},
	volume={22},
	number={2},
	pages={202--211},
	year={1999}
}

@inproceedings{kim2007uav,
	title={UAV collision avoidance using probabilistic method in 3-D},
	author={Kim, Kwang-Yeon and Park, Jung-Woo and Tahk, Min-Jea},
	booktitle={Control, Automation and Systems, 2007. ICCAS'07. International Conference on},
	pages={826--829},
	year={2007},
	organization={IEEE}
}






@inproceedings{schouwenaars2001mixed,
	title={Mixed integer programming for multi-vehicle path planning},
	author={Schouwenaars, Tom and De Moor, Bart and Feron, Eric and How, Jonathan},
	booktitle={European control conference},
	volume={1},
	pages={2603--2608},
	year={2001}
}

@inproceedings{mellinger2012mixed,
	title={Mixed-integer quadratic program trajectory generation for heterogeneous quadrotor teams},
	author={Mellinger, Daniel and Kushleyev, Alex and Kumar, Vijay},
	booktitle={Robotics and Automation (ICRA), 2012 IEEE International Conference on},
	pages={477--483},
	year={2012},
	organization={IEEE}
}

@article{chen2015safe,
	title={Safe Platooning of Unmanned Aerial Vehicles via Reachability},
	author={Chen, Mo and Hu, Qie and Mackin, Casey and Fisac, Jaime F and Tomlin, Claire J},
	journal={arXiv preprint arXiv:1503.07253},
	year={2015}
}





@article{sujit2014unmanned,
	title={Unmanned aerial vehicle path following: A survey and analysis of algorithms for fixed-wing unmanned aerial vehicless},
	author={Sujit, PB and Saripalli, Srikanth and Borges Sousa, Joao},
	journal={Control Systems, IEEE},
	volume={34},
	number={1},
	pages={42--59},
	year={2014},
	publisher={IEEE}
}




@article{mitchell2004toolbox,
	title={A toolbox of level set methods},
	author={Mitchell, Ian M},
	journal={Dept. Comput. Sci., Univ. British Columbia, Vancouver, BC, Canada, http://www. cs. ubc. ca/\~{} mitchell/ToolboxLS/toolboxLS. pdf, Tech. Rep. TR-2004-09},
	year={2004}
}

@misc{chu2008level,
	title={Level set method library (LSMLIB)},
	author={Chu, Kevin T and Prodanovic, Masa},
	year={2008}
}


@inproceedings{msadaa2010comparative,
	title={A comparative study between 802.11 p and mobile WiMAX-based V2I communication networks},
	author={Msadaa, Ikbal Chammakhi and Cataldi, Pasquale and Filali, Fethi},
	booktitle={Next Generation Mobile Applications, Services and Technologies (NGMAST), 2010 Fourth International Conference on},
	pages={186--191},
	year={2010},
	organization={IEEE}
}


@article{kimmel1998computing,
	title={Computing geodesic paths on manifolds},
	author={Kimmel, Ron and Sethian, James A},
	journal={Proceedings of the National Academy of Sciences},
	volume={95},
	number={15},
	pages={8431--8435},
	year={1998},
	publisher={National Acad Sciences}
}

@inproceedings{xu2006sliding,
	title={Sliding mode control of a quadrotor helicopter},
	author={Xu, Rong and {\"O}zg{\"u}ner, {\"U}mit},
	booktitle={Decision and Control, 2006 45th IEEE Conference on},
	pages={4957--4962},
	year={2006},
	organization={IEEE}
}












@book{khalil2014nonlinear,
	title={Nonlinear control},
	author={Khalil, Hassan K},
	year={2014},
	publisher={Prentice Hall}
}

@book{slotine1991applied,
	title={Applied nonlinear control},
	author={Slotine, Jean-Jacques E and Li, Weiping and others},
	volume={60},
	year={1991},
	publisher={Prentice-Hall Englewood Cliffs, NJ}
}

@book{song2011dynamic,
	title={Dynamic surface control of uncertain nonlinear systems: an LMI approach},
	author={Song, Bongsob and Hedrick, J Karl},
	year={2011},
	publisher={Springer Science \& Business Media}
}





@inproceedings{taniguchi2014quadrotor,
	title={Quadrotor control using dynamic feedback linearization based on piecewise bilinear models},
	author={Taniguchi, Takafumi and Eciolaza, Luka and Sugeno, Michio},
	booktitle={Computational Intelligence in Control and Automation (CICA), 2014 IEEE Symposium on},
	pages={1--7},
	year={2014},
	organization={IEEE}
}

@inproceedings{li2011dynamic,
	title={Dynamic analysis and PID control for a quadrotor},
	author={Li, Jun and Li, Yuntang},
	booktitle={Mechatronics and Automation (ICMA), 2011 International Conference on},
	pages={573--578},
	year={2011},
	organization={IEEE}
}

@inproceedings{bouadi2011adaptive,
	title={Adaptive sliding mode control for quadrotor attitude stabilization and altitude tracking},
	author={Bouadi, Hakim and Cunha, S Simoes and Drouin, Antoine and Mora-Camino, F{\'e}lix},
	booktitle={Computational Intelligence and Informatics (CINTI), 2011 IEEE 12th International Symposium on},
	pages={449--455},
	year={2011},
	organization={IEEE}
}

@article{bouadi2007sliding,
	title={Sliding mode control based on backstepping approach for an UAV type-quadrotor},
	author={Bouadi, H and Bouchoucha, M and Tadjine, M},
	journal={World Academy of Science, Engineering and Technology},
	volume={26},
	number={5},
	pages={22--27},
	year={2007}
}

@article{lee2009feedback,
	title={Feedback linearization vs. adaptive sliding mode control for a quadrotor helicopter},
	author={Lee, Daewon and Kim, H Jin and Sastry, Shankar},
	journal={International Journal of control, Automation and systems},
	volume={7},
	number={3},
	pages={419--428},
	year={2009},
	publisher={Springer}
}

@inproceedings{bouabdallah2004pid,
	title={{PID} vs {LQ} control techniques applied to an indoor micro quadrotor},
	author={Bouabdallah, Samir and Noth, Andre and Siegwart, Roland},
	booktitle={Intelligent Robots and Systems, 2004.(IROS 2004). Proceedings. 2004 IEEE/RSJ International Conference on},
	volume={3},
	pages={2451--2456},
	year={2004},
	organization={IEEE}
}

@inproceedings{li2011dynamic,
	title={Dynamic analysis and PID control for a quadrotor},
	author={Li, Jun and Li, Yuntang},
	booktitle={Mechatronics and Automation (ICMA), 2011 International Conference on},
	pages={573--578},
	year={2011},
	organization={IEEE}
}

@inproceedings{bouabdallah2005backstepping,
	title={Backstepping and sliding-mode techniques applied to an indoor micro quadrotor},
	author={Bouabdallah, Samir and Siegwart, Roland},
	booktitle={Robotics and Automation, 2005. ICRA 2005. Proceedings of the 2005 IEEE International Conference on},
	pages={2247--2252},
	year={2005},
	organization={IEEE}
}

@inproceedings{bouchoucha2008step,
	title={Step by step robust nonlinear PI for attitude stabilisation of a four-rotor mini-aircraft},
	author={Bouchoucha, M and Tadjine, M and Tayebi, A and Mullhaupt, P},
	booktitle={Control and Automation, 2008 16th Mediterranean Conference on},
	pages={1276--1283},
	year={2008},
	organization={IEEE}
}

@inproceedings{madani2006backstepping_1,
	title={Backstepping control for a quadrotor helicopter},
	author={Madani, Tarek and Benallegue, Abdelaziz},
	booktitle={Intelligent Robots and Systems, 2006 IEEE/RSJ International Conference on},
	pages={3255--3260},
	year={2006},
	organization={IEEE}
}

@inproceedings{madani2006backstepping_2,
	title={Backstepping sliding mode control applied to a miniature quadrotor flying robot},
	author={Madani, Tarek and Benallegue, Abdelaziz},
	booktitle={IEEE Industrial Electronics, IECON 2006-32nd Annual Conference on},
	pages={700--705},
	year={2006},
	organization={IEEE}
}

@inproceedings{huang2010adaptive,
	title={Adaptive tracking control of underactuated quadrotor unmanned aerial vehicles via backstepping},
	author={Huang, Mu and Xian, Bin and Diao, Chen and Yang, Kaiyan and Feng, Yu},
	booktitle={American Control Conference (ACC), 2010},
	pages={2076--2081},
	year={2010},
	organization={IEEE}
}

@inproceedings{xu2006sliding,
	title={Sliding mode control of a quadrotor helicopter},
	author={Xu, Rong and {\"O}zg{\"u}ner, {\"U}mit},
	booktitle={Decision and Control, 2006 45th IEEE Conference on},
	pages={4957--4962},
	year={2006},
	organization={IEEE}
}

@online{matlab,
	title = {{MATLAB}},
	url = {http://www.mathworks.com/products/matlab/},
}

